@inproceedings{popat2018declare,
  title={DeClarE: Debunking Fake News and False Claims using Evidence-Aware Deep Learning},
  author={Popat, Kashyap and Mukherjee, Subhabrata and Yates, Andrew and Weikum, Gerhard},
  booktitle={EMNLP},
  pages={22--32},
  year={2018}
}
@inproceedings{rashkin2017truth,
  title={Truth of varying shades: Analyzing language in fake news and political fact-checking},
  author={Rashkin, Hannah and Choi, Eunsol and Jang, Jin Yea and Volkova, Svitlana and Choi, Yejin},
  booktitle={EMNLP},
  pages={2931--2937},
  year={2017}
}
@inproceedings{popat2017truth,
  title={Where the truth lies: Explaining the credibility of emerging claims on the web and social media},
  author={Popat, Kashyap and Mukherjee, Subhabrata and Str{\"o}tgen, Jannik and Weikum, Gerhard},
  booktitle={WWW},
  pages={1003--1012},
  year={2017}
}
@inproceedings{long2017fake,
  title={Fake news detection through multi-perspective speaker profiles},
  author={Long, Yunfei and Lu, Qin and Xiang, Rong and Li, Minglei and Huang, Chu-Ren},
  booktitle={IJCNLP},
  volume={2},
  pages={252--256},
  year={2017}
}
@inproceedings{shu2019beyond,
  title={Beyond News Contents: The Role of Social Context for Fake News Detection},
  author={Shu, Kai and Wang, Suhang and Liu, Huan},
  booktitle={WSDM},
  pages={312--320},
  year={2019},
  organization={ACM}
}

@article{kim2014convolutional,
  title={Convolutional neural networks for sentence classification},
  author={Kim, Yoon},
  journal={arXiv preprint arXiv:1408.5882},
  year={2014}
}

@inproceedings{yang2016hierarchical,
  title={Hierarchical attention networks for document classification},
  author={Yang, Zichao and Yang, Diyi and Dyer, Chris and He, Xiaodong and Smola, Alex and Hovy, Eduard},
  booktitle={NAACL: HLT},
  pages={1480--1489},
  year={2016}
}

@inproceedings{ruchansky2017csi,
  title={Csi: A hybrid deep model for fake news detection},
  author={Ruchansky, Natali and Seo, Sungyong and Liu, Yan},
  booktitle={Proceedings of the 2017 ACM on Conference on Information and Knowledge Management},
  pages={797--806},
  year={2017},
  organization={ACM}
}
@inproceedings {DBLP:conf/socinfo/0003KCM14,
	author    = {Aditi Gupta and
	Ponnurangam Kumaraguru and
	Carlos Castillo and
	Patrick Meier},
	title     = {TweetCred: Real-Time Credibility Assessment of Content on Twitter},
	booktitle = {SocInfo},
	pages     = {228--243},
	year      = {2014}
}

@inproceedings {DBLP:conf/www/ZhaoRM15,
	author    = {Zhe Zhao and
	Paul Resnick and
	Qiaozhu Mei},
	title     = {Enquiring Minds: Early Detection of Rumors in Social Media from Enquiry
	Posts},
	booktitle = {{WWW}},
	pages     = {1395--1405},
	year      = {2015}
}

@inproceedings {DBLP:conf/wsdm/WuL18,
	author    = {Liang Wu and
	Huan Liu},
	title     = {Tracing Fake-News Footprints: Characterizing Social Media Messages
	by How They Propagate},
	booktitle = {{WSDM}},
	pages     = {637--645},
	year      = {2018}
}

@inproceedings{DBLP:conf/ijcai/MaGMKJWC16,
	author    = {Jing Ma and
	Wei Gao and
	Prasenjit Mitra and
	Sejeong Kwon and
	Bernard J. Jansen and
	Kam{-}Fai Wong and
	Meeyoung Cha},
	title     = {Detecting Rumors from Microblogs with Recurrent Neural Networks},
	booktitle = {{IJCAI}},
	pages     = {3818--3824},
	year      = {2016}}
}

@inproceedings{potthast2018stylometric,
  title={A Stylometric Inquiry into Hyperpartisan and Fake News},
  author={Potthast, Martin and Kiesel, Johannes and Reinartz, Kevin and Bevendorff, Janek and Stein, Benno},
  booktitle={ACL},
  volume={1},
  pages={231--240},
  year={2018}
}

@article{perez2017automatic,
  title={Automatic detection of fake news},
  author={P{\'e}rez-Rosas, Ver{\'o}nica and Kleinberg, Bennett and Lefevre, Alexandra and Mihalcea, Rada},
  journal={arXiv preprint arXiv:1708.07104},
  year={2017}
}

@inproceedings{rubin2016fake,
  title={Fake news or truth? using satirical cues to detect potentially misleading news},
  author={Rubin, Victoria and Conroy, Niall and Chen, Yimin and Cornwell, Sarah},
  booktitle={Workshop on Computational Approaches to Deception Detection},
  pages={7--17},
  year={2016}
}

@inproceedings{yin2018twowingos,
  title={TwoWingOS: A Two-Wing Optimization Strategy for Evidential Claim Verification},
  author={Yin, Wenpeng and Roth, Dan},
  booktitle={EMNLP},
  pages={105--114},
  year={2018}
}

@article{thorne2018fever,
  title={FEVER: a large-scale dataset for fact extraction and verification},
  author={Thorne, James and Vlachos, Andreas and Christodoulopoulos, Christos and Mittal, Arpit},
  journal={arXiv preprint arXiv:1803.05355},
  year={2018}
}

@misc{WinNT,
  title = {{State of the Union}: The 100 words Trump used the most},
  howpublished = {\url{https://www.nola.com/national_politics/2018/01/state_of_the_union_the_100_wor.html}},
  note = {Accessed: 2019-02-19}
}

@inproceedings{graves2005bidirectional,
  title={Bidirectional LSTM networks for improved phoneme classification and recognition},
  author={Graves, Alex and Fern{\'a}ndez, Santiago and Schmidhuber, J{\"u}rgen},
  booktitle={ANN},
  pages={799--804},
  year={2005},
  organization={Springer}
}
@article{Riedel2017,
author = {Riedel, Benjamin and Augenstein, Isabelle and Spithourakis, Georgios P. and Riedel, Sebastian},
eprint = {1707.03264},
pages = {1--6},
title = {{A simple but tough-to-beat baseline for the Fake News Challenge stance detection task}},
year = {2017}
}

@article{Parikh2016,
author = {Parikh, Ankur P. and T{\"{a}}ckstr{\"{o}}m, Oscar and Das, Dipanjan and Uszkoreit, Jakob},
eprint = {1606.01933},
file = {:Users/rahulmishra/Downloads/1606.01933 (1).pdf:pdf},
isbn = {9781941643914},
issn = {0001-0782},
title = {{A Decomposable Attention Model for Natural Language Inference}},
year = {2016}
}
@article{Ruchansky2017,
author = {Ruchansky, Natali and Seo, Sungyong and Liu, Yan},
eprint = {1703.06959},
file = {:Users/rahulmishra/Downloads/1703.06959.pdf:pdf},
isbn = {9781450349185},
issn = {15232867},
title = {{CSI: A Hybrid Deep Model for Fake News Detection}},

year = {2017}
}

@article{Ma2018,
author = {Ma, Jing and Gao, Wei and Wong, Kam-Fai},
file = {:Users/rahulmishra/Downloads/P18-1184.pdf:pdf},
journal = {ACL},
pages = {1980--1989},
title = {{Rumor Detection on Twitter with Tree-structured Recursive Neural Networks}},
year = {2018}
}
@article{Ma12019,
author = {Ma, Jing and Gao, Wei and Wong, Kam-Fai},
file = {:Users/rahulmishra/Downloads/www2019.pdf:pdf},
isbn = {9781450366748},
keywords = {GAN,Information Campaigns,Rumor Detection},
number = {February},
title = {{Detect Rumors on Twitter by Promoting Information Campaigns with Generative Adversarial Learning}},
year = {2019}
}

@article{Qian2018,
journal = {IJCAI},
keywords = {Machine Learning: Neural Networks,Multidisciplinary Topics and Applications: AI and},
pages = {3834--3840},
title = {{Neural User Response Generator : Fake News Detection with Collective User Intelligence}},
year = {2018}
}

@article{Zhou2018,
archivePrefix = {arXiv},
arxivId = {1808.07228},
author = {Zhou, Ganbin and Cao, Rongyu and Ao, Xiang and Luo, Ping and Lin, Fen and Lin, Leyu and He, Qing},
eprint = {1808.07228},
file = {:Users/rahulmishra/Downloads/1808.07228.pdf:pdf},
pages = {1--16},
title = {{Hierarchical Neural Network for Extracting Knowledgeable Snippets and Documents}},
year = {2018}
}
@article{Yoonincongruity,
archivePrefix = {arXiv},
arxivId = {arXiv:1811.07066v2},
author = {Yoon, Seunghyun and Park, Kunwoo and Shin, Joongbo and Lim, Hongjun and Won, Seungpil and Cha, Meeyoung and Jung, Kyomin},
eprint = {arXiv:1811.07066v2},
file = {:Users/rahulmishra/Downloads/1811.07066.pdf:pdf},
mendeley-groups = {headline congruence},
title = {{Detecting Incongruity Between News Headline and Body Text via a Deep Hierarchical Encoder}}
}


@article{Shu2017,
author = {Shu, Kai and Sliva, Amy and Wang, Suhang and Tang, Jiliang and Liu, Huan},
file = {:Users/rahulmishra/Downloads/19-1-Article2.pdf:pdf},
issn = {19310145},
journal = {ACM SIGKDD Explorations Newsletter},
number = {1},
pages = {22--36},
title = {{Fake News Detection on Social Media}},
volume = {19},
year = {2017}
}
@article{Qian12018,
author = {Qian, Feng and Gong, Chengyue and Sharma, Karishma and Liu, Yan},
file = {:Users/rahulmishra/Downloads/0533.pdf:pdf},
journal = {Twenty-Seventh International Joint Conference on Artificial Intelligence (IJCAI-18)},
keywords = {Machine Learning: Neural Networks,Multidisciplinary Topics and Applications: AI and},
mendeley-groups = {gan},
pages = {3834--3840},
title = {{Neural User Response Generator : Fake News Detection with Collective User Intelligence}},
year = {2018}
}


@misc{website:fakenewsword,
    author = "NUPI",
    title = "Fake news!",
    year = "Retrieved April, 2019",
    howpublished = "\url{https://www.nupi.no/Skole/HHD-Artikler/2018/Fake-news
}"
}

@misc{website:stanfordstudy,
    author = "The Wallstreet Journal",
    title = "Most Students Donâ€™t Know When News Is Fake, Stanford Study Finds",
    year = "Retrieved April, 2019",
    howpublished = "\url{https://www.wsj.com/articles/most-students-dont-know-when-news-is-fake-stanford-study-finds-1479752576}"
}

@misc{website:trumpandpope,
    author = "Nature.com",
    title = "Influence of fake news in Twitter during the 2016 US presidential election",
    year = "Retrieved April, 2019",
    howpublished = "\url{https://www.nature.com/articles/s41467-018-07761-2}"
}

@misc{website:credeye,
    author = "CredEye",
    title = "Claim checking with CredEye",
    year = "Retrieved March, 2019",
    howpublished = "\url{https://www.nature.com/articles/s41467-018-07761-2}"
}

@misc{website:pizzagate,
    author = "The New York Times",
    title = "Dissecting the \#PizzaGate
Conspiracy Theories",
    year = "Retrived May, 2019",
    howpublished = "\url{https://www.nytimes.com/interactive/2016/12/10/business/media/pizzagate.html}"
}

@misc{website:setupext,
    author = "Chrome",
    title = "Getting started with Chrome extension",
    year = " Retrieved May, 2019",
    howpublished = "\url{https://developer.chrome.com/extensions/getstarted}"
}

@misc{website:chromeshare,
    author = "NetMarketShare",
    title = "Browser Market Share",
    year = "Retrieved April, 2019",
    howpublished = "\url{https://netmarketshare.com/browser-market-share.aspx}"
}

@misc{website:mobileshare,
    author = "NetMarketShare",
    title = "Browser Market Share for Mobile",
    year = "Retrieved April, 2019",
    howpublished = "\url{https://netmarketshare.com/browser-market-share.aspx}"
}

@misc{website:tagMe,
    author = "TagMe API",
    title = "SoBigData",
    year = "Retrieved April, 2019",
    howpublished = "\url{https://sobigdata.d4science.org/web/tagme/tagme-help}"
}

@misc{website:expertsystem,
    author = "Expertsystem",
    title = "What is Machine Learning? A definition",
    year = "Retrieved May, 2019",
    howpublished = "\url{https://www.expertsystem.com/machine-learning-definition}"
}

@misc{website:neuralnetwork,
    author = "Marcel van Gerven and Sander Bohte",
    title = "Editorial: Artificial Neural Networks as Models of Neural Information Processing",
    year = "Retrieved April, 2019",
    howpublished = "\url{https://www.frontiersin.org/research-topics/4817/artificial-neural-networks-as-models-of-neural-information-processing}"
}

@misc{website:psyc,
    author = "Albrecht Schmidt",
    title = "Biological Neural Networks",
    year = "Retrieved April, 2019",
    howpublished = "\url{https://www.teco.edu/~albrecht/neuro/html/node7.html}"
}

@misc{website:stockmarket,
    author = " Christopher Matthews",
    title = "How Does One Fake Tweet Cause a Stock Market Crash?",
    year = "Retrieved October, 2019",
    howpublished = "\url{
http://business.time.com/2013/04/24/how-does-one-fake-tweet-cause-a-stock-market-crash/}"
}

@misc{website:whatsapp,
    author = "Wikipedia",
    title = "Indian WhatsApp lynchings
",
    year = "Retrieved October, 2019",
    howpublished = "\url{
https://en.wikipedia.org/wiki/Indian_WhatsApp_lynchings}"
}

@misc{newspaper3k,
    year = "Retrieved October, 2019",
    howpublished="\url{https://newspaper.readthedocs.io/}"
}


@misc{website:election,
    author = "Hannah Jane Parkinson",
    title = "US elections 2016
Click and elect: how fake news helped Donald Trump win a real election",
    year = "Retrieved October, 2019",
    howpublished = "\url{https://www.theguardian.com/commentisfree/2016/nov/14/fake-news-donald-trump-election-alt-right-social-media-tech-companies}"
}



@misc{website:forbes,
    author = "Bernard Marr",
    title = "What Are Artificial Neural Networks - A Simple Explanation For Absolutely Anyone",
    year = "Retrieved May, 2019",
    howpublished = "\url{https://www.forbes.com/sites/bernardmarr/2018/09/24/what-are-artificial-neural-networks-a-simple-explanation-for-absolutely-anyone}"
}


@misc{website:deeplearning,
    author = "Robert Geirhos et al.",
    title = "Comparing deep neural networks against humans:
object recognition when the signal gets weaker",
    year = "Retrieved May, 2019",
    note = {arXiv:1706.06969}
}

@article{Long,
 author = {Jonathan Long et al.},
 title = {Fully Convolutional Networks for Semantic Segmentation},
 journal = {In Proceedings of the IEEE Conference on Computer Vision and Pattern Recognition},
 year = {2015},
 pages = {3431â€“3440},
 }
 @article{Bordes,
 author = { Antoine Bordes et al.},
 title = {Learning structured embeddings of knowledge bases},
 journal = {Conference on artificial intelligence},
 year = {2011},
 number = {EPFL-CONF-192344},
 }

@misc{website:devgoogle,
    author = "Google",
    title = "Embeddings: Translating to a Lower-Dimensional Space",
    year = "Retrieved May, 2019",
    howpublished = "\url{https://developers.google.com/machine-learning/crash-course/embeddings/translating-to-a-lower-dimensional-space}"
}

@misc{website:word2vec,
    author = "Google Code",
    title = "word2vec",
    year = "Retrieved May, 2019",
    howpublished = "\url{https://code.google.com/archive/p/word2vec}"
}

@booklet{Zhang,
 author = {Aston Zhang, Zack C. Lipton, Mu Li and Alex J. Smola},
 title = {Dive into Deep Learning},
 year = {2019},
 howpublished = "\url{https://d2l.ai/chapter_recurrent-neural-networks/lang-model.html}",
 }
 

 @article{lstm,
  title={Long short-term memory},
  author={Hochreiter, Sepp and Schmidhuber, J{\"u}rgen},
  journal={Neural computation},
  volume={9},
  number={8},
  pages={1735--1780},
  year={1997},
  publisher={MIT Press}
}
 
 @article{lstm2,
  title={Learning to forget: Continual prediction with LSTM},
  author={Gers, Felix A and Schmidhuber, J{\"u}rgen and Cummins, Fred},
  year={1999},
  publisher={IET}
}
 
 @article{lstm3,
  title={Learning to forget: Continual prediction with LSTM},
  author={Gers, Felix A and Schmidhuber, J{\"u}rgen and Cummins, Fred},
  year={2000},
  publisher={IET}
}
 


@article{lstm4,
  title={Empirical evaluation of gated recurrent neural networks on sequence modeling},
  author={Chung, Junyoung and Gulcehre, Caglar and Cho, KyungHyun and Bengio, Yoshua},
  journal={arXiv preprint arXiv:1412.3555},
  year={2014}
}

@article{ulmfit,
  title={Universal language model fine-tuning for text classification},
  author={Howard, Jeremy and Ruder, Sebastian},
  journal={arXiv preprint arXiv:1801.06146},
  year={2018}
}

@misc{website:cnn,
    author = " Roxanne Jones",
    title = "In their differences, Tiger Woods and Alex Cora show America belongs to us",
    year = "Retrieved May, 2019",
    howpublished = "\url{https://edition.cnn.com/2019/05/07/opinions/tiger-woods-alex-cora-white-house-differences-jones/index.html}"
}

@inproceedings{claimrank,
  title={A context-aware approach for detecting worth-checking claims in political debates},
  author={Gencheva, Pepa and Nakov, Preslav and M{\`a}rquez, Llu{\'\i}s and Barr{\'o}n-Cede{\~n}o, Alberto and Koychev, Ivan},
  booktitle={Proceedings of the International Conference Recent Advances in Natural Language Processing, RANLP 2017},
  pages={267--276},
  year={2017}
}

 @inproceedings{model1,
  title={Hierarchical attention networks for document classification},
  author={Yang, Zichao and Yang, Diyi and Dyer, Chris and He, Xiaodong and Smola, Alex and Hovy, Eduard},
  booktitle={Proceedings of the 2016 Conference of the North American Chapter of the Association for Computational Linguistics: Human Language Technologies},
  pages={1480--1489},
  year={2016}
}

@inproceedings{Popat:2018:CCL:3184558.3186967,
 author = {Popat, Kashyap and Mukherjee, Subhabrata and Str\"{o}tgen, Jannik and Weikum, Gerhard},
 title = {CredEye: A Credibility Lens for Analyzing and Explaining Misinformation},
 booktitle = {Companion Proceedings of the The Web Conference},
 year = {2018},
 pages = {155--158},
 numpages = {4}
} 

@inproceedings{DBLP:conf/ictir/MishraS19,
  author    = {Rahul Mishra and
               Vinay Setty},
  title     = {{SADHAN:} Hierarchical Attention Networks to Learn Latent Aspect Embeddings
               for Fake News Detection},
  booktitle = {ICTIR},
  pages     = {197--204},
  year      = {2019}
}

@article{howard2018universal,
  title={Universal language model fine-tuning for text classification},
  author={Howard, Jeremy and Ruder, Sebastian},
  journal={arXiv preprint arXiv:1801.06146},
  year={2018}
}

@article{DBLP:journals/corr/abs-1708-02182,
  author    = {Stephen Merity and
               Nitish Shirish Keskar and
               Richard Socher},
  title     = {Regularizing and Optimizing {LSTM} Language Models},
  journal   = {CoRR},
  volume    = {abs/1708.02182},
  year      = {2017}
}

@inproceedings{ferragina2010tagme,
  title={Tagme: on-the-fly annotation of short text fragments (by wikipedia entities)},
  author={Ferragina, Paolo and Scaiella, Ugo},
  booktitle={Proceedings of the 19th ACM international conference on Information and knowledge management},
  pages={1625--1628},
  year={2010},
  organization={ACM}
}

@inproceedings{zhi2017claimverif,
  title={ClaimVerif: a real-time claim verification system using the web and fact databases},
  author={Zhi, Shi and Sun, Yicheng and Liu, Jiayi and Zhang, Chao and Han, Jiawei},
  booktitle={CIKM},
  pages={2555--2558},
  year={2017},
  organization={ACM}
}

@inproceedings{hassan2017toward,
  title={Toward automated fact-checking: Detecting check-worthy factual claims by ClaimBuster},
  author={Hassan, Naeemul and Arslan, Fatma and Li, Chengkai and Tremayne, Mark},
  booktitle={SIGKDD},
  pages={1803--1812},
  year={2017},
  organization={ACM}
}

@inproceedings{Miranda:2019:AFC:3308558.3314135,
 author = {Miranda, Sebasti\~{a}o and Nogueira, David and Mendes, Afonso and Vlachos, Andreas and Secker, Andrew and Garrett, Rebecca and Mitchel, Jeff and Marinho, Zita},
 title = {Automated Fact Checking in the News Room},
 booktitle = {The World Wide Web Conference},
 series = {WWW '19},
 year = {2019},
 isbn = {978-1-4503-6674-8},
 location = {San Francisco, CA, USA},
 pages = {3579--3583},
 numpages = {5},
 url = {http://doi.acm.org/10.1145/3308558.3314135},
 doi = {10.1145/3308558.3314135},
 acmid = {3314135},
 publisher = {ACM},
 address = {New York, NY, USA},
 keywords = {Computational Journalism, Fact Checking, Media Tools},
} 
@inproceedings{Mishra:2019:SHA:3341981.3344229,
 author = {Mishra, Rahul and Setty, Vinay},
 title = {SADHAN: Hierarchical Attention Networks to Learn Latent Aspect Embeddings for Fake News Detection},
 booktitle = {Proceedings of the 2019 ACM SIGIR International Conference on Theory of Information Retrieval},
 series = {ICTIR '19},
 year = {2019},
 isbn = {978-1-4503-6881-0},
 location = {Santa Clara, CA, USA},
 pages = {197--204},
 numpages = {8},
 url = {http://doi.acm.org/10.1145/3341981.3344229},
 doi = {10.1145/3341981.3344229},
 acmid = {3344229},
 publisher = {ACM},
 address = {New York, NY, USA},
 keywords = {fake news detection, hierarchical attention, latent aspect embeddings},
} 

@inproceedings{zellers2019defending,
  title={Defending against neural fake news},
  author={Zellers, Rowan and Holtzman, Ari and Rashkin, Hannah and Bisk, Yonatan and Farhadi, Ali and Roesner, Franziska and Choi, Yejin},
  booktitle={Advances in Neural Information Processing Systems},
  pages={9051--9062},
  year={2019}
}

@ARTICLE{2017arXiv170604223J,
   author = {{Junbo} and {Zhao} and {Kim}, Y. and {Zhang}, K. and {Rush}, A.~M. and 
	{LeCun}, Y.},
    title = "{Adversarially Regularized Autoencoders for Generating Discrete Structures}",
  journal = {ArXiv e-prints},
archivePrefix = "arXiv",
   eprint = {1706.04223},
 primaryClass = "cs.LG",
 keywords = {Computer Science - Learning, Computer Science - Computation and Language, Computer Science - Neural and Evolutionary Computing},
     year = 2017,
    month = jun,
   adsurl = {http://adsabs.harvard.edu/abs/2017arXiv170604223J},
  adsnote = {Provided by the SAO/NASA Astrophysics Data System}
}

@article{aae,
    author = {Makhzani, Alireza and Shlens, Jonathon and Jaitly, Navdeep and Goodfellow, Ian},
    year = {2015},
    month = {11},
    pages = {},
    title = {Adversarial Autoencoders}
}

@incollection{NIPS2014_5423,
    title = {Generative Adversarial Nets},
    author = {Goodfellow, Ian and Pouget-Abadie, Jean and Mirza, Mehdi and Xu, Bing and Warde-Farley, David and Ozair, Sherjil and Courville, Aaron and Bengio, Yoshua},
    booktitle = {Advances in Neural Information Processing Systems 27},
    editor = {Z. Ghahramani and M. Welling and C. Cortes and N. D. Lawrence and K. Q. Weinberger},
    pages = {2672--2680},
    year = {2014},
    publisher = {Curran Associates, Inc.},
    url = {http://papers.nips.cc/paper/5423-generative-adversarial-nets.pdf}
}

@conference{TolBouGelSch18,
  title = {Wasserstein Auto-Encoders},
  author = {Tolstikhin, I. and Bousquet, O. and Gelly, S. and Sch{\"o}lkopf, B.},
  booktitle = {6th International Conference on Learning Representations (ICLR)},
  month = may,
  year = {2018},
  url = {https://openreview.net/forum?id=HkL7n1-0b},
  month_numeric = {5}
}

@inproceedings{chen-etal-2018-learning,
    title = "Learning to Flip the Bias of News Headlines",
    author = "Chen, Wei-Fan  and
      Wachsmuth, Henning  and
      Al-Khatib, Khalid  and
      Stein, Benno",
    booktitle = "Proceedings of the 11th International Conference on Natural Language Generation",
    month = nov,
    year = "2018",
    address = "Tilburg University, The Netherlands",
    publisher = "Association for Computational Linguistics",
    url = "https://www.aclweb.org/anthology/W18-6509",
    doi = "10.18653/v1/W18-6509",
    pages = "79--88",
}

@article{Tolstikhin2018WassersteinA,
  title={Wasserstein Auto-Encoders},
  author={Ilya O. Tolstikhin and Olivier Bousquet and Sylvain Gelly and Bernhard Sch{\"o}lkopf},
  journal={ArXiv},
  year={2018},
  volume={abs/1711.01558}
}

@inproceedings{glove,
author = {Pennington, Jeffrey and Socher, Richard and Manning, Christoper},
year = {2014},
month = {01},
pages = {1532-1543},
title = {Glove: Global Vectors for Word Representation},
volume = {14},
journal = {EMNLP},
doi = {10.3115/v1/D14-1162}
}

@Article{stein:2018y,
  author =              {Johannes Kiesel and Florian Kneist and Milad Alshomary and Benno Stein and Matthias Hagen and Martin Potthast},
  doi =                 {10.1145/3239574},
  editor =              {Tiziana Catarci},
  journal =             {Journal of Data and Information Quality (JDIQ)},
  month =               oct,
  number =              4,
  pages =               {17:1-17:25},
  publisher =           {ACM},
  title =               {{Reproducible Web Corpora: Interactive Archiving with Automatic Quality Assessment}},
  url =                 {https://dl.acm.org/doi/10.1145/3239574},
  volume =              10,
  year =                2018
}

@dataset{johannes_kiesel_2018_1489920,
  author       = {Johannes Kiesel and
                  Maria Mestre and
                  Rishabh Shukla and
                  Emmanuel Vincent and
                  David Corney and
                  Payam Adineh and
                  Benno Stein and
                  Martin Potthast},
  title        = {{Data for PAN at SemEval 2019 Task 4: Hyperpartisan 
                   News Detection}},
  month        = nov,
  year         = 2018,
  publisher    = {Zenodo},
  version      = {Training and validation v1},
  doi          = {10.5281/zenodo.1489920},
  url          = {https://doi.org/10.5281/zenodo.1489920}
}